@online{CERN,
  organisation = {Organisation européenne pour la recherche nucléaire},
  author = {Organisation européenne pour la recherche nucléaire},
  title = {A vacuum as empty as interstellar space},
  url = {https://home.cern/science/engineering/vacuum-empty-interstellar-space},
}

@manual{
	notice,
	title = "K14. Technique du vide et Point triple de l'azote",
	note = "Notice d'expérience",
}

@unpublished{
	nicole,
  author = "Louis Travers et Nicole Vadot",
	title = "Experiment H7: Photovoltaics",
	note = "Ancien rapport, utilisé pour les diagrammes",
}

@manual{
	erreursmesure,
  title        = {Traitement des erreurs de mesure},
  url = {https://moodle.epfl.ch/pluginfile.php/3003789/mod_resource/content/3/Erreurs_2023.pdf}
}