@manual{
	notice,
	title = "D2. Anélasticité des solides",
	note = "Notice d'expérience",
}

@manual{
	erreursmesure,
	title = {Traitement des erreurs de mesure},
	url = {https://moodle.epfl.ch/pluginfile.php/3003789/mod_resource/content/3/Erreurs_2023.pdf}
}

@online{
	damp-damp,
	title = "Snoek-type damping performance in strong and ductile high-entropy alloys ",
	url = {https://pubmed.ncbi.nlm.nih.gov/32596465/},
	urldate = {2024-03-18}
}

@online{
	acier-construction,
	title = "L'acier, un matériau de construction aux multiples avantages",
	url = {https://www.futura-sciences.com/maison/questions-reponses/architecture-acier-materiau-construction-multiples-avantages-10956/},
	urldate = {2024-03-20}
}