@manual{
	notice,
	title = "H6. Effet Hall",
	note = "Notice d'exp√©rience",
}

@manual{
	erreursmesure,
	title        = {Traitement des erreurs de mesure},
	url = {https://moodle.epfl.ch/pluginfile.php/3003789/mod_resource/content/3/Erreurs_2023.pdf}
}

@article{hall,
  author          = {E.H. Hall},
  journal         = {American Journal of Mathematics},
  title           = {On a New Action of the Magnet on Electric Currents},
  year            = {1879}
}

@online{hall_applications,
	author = {Maureen VanDyke},
	title = {Hall Effect Guide},
	year = {2019},
	url = {https://www.magnelinkinc.com/blog/hall-effect-guide/}
}