@manual{
	notice,
	title = "B2. Viscosité d'un liquide",
	note = "Notice d'expérience",
}

@manual{
	erreursmesure,
	title = {Traitement des erreurs de mesure},
	url = {https://moodle.epfl.ch/pluginfile.php/3003789/mod_resource/content/3/Erreurs_2023.pdf}
}

@manual{
	val_ref,
	note = {Feuille de valeurs de référence dans le tiroir},
}

@online{
	lubrifiant_uwu,
	title = "Industrial Lubricants Information",
	url = {https://www.globalspec.com/learnmore/materials_chemicals_adhesives/industrial_oils_fluids/industrial_lubricants_greases},
	urldate = {2024-04-05}
}


@online{
	roger_le_mecano,
	title = "Que se passe-t-il si j’utilise le mauvais type de mélange (viscosité) d’huile ?",
	url = {https://huilesynthetique.com/blog/que-se-passe-t-il-si-jutilise-le-mauvais-type-de-melange-viscosite-dhuile/},
	urldate = {2024-04-08}
}