@manual{
	notice,
	title = "D1. Torsion élastique des solides",
	note = "Notice d'expérience",
}

@online{
	japan_codes,
	title = "Earthquake building codes in Japan",
	url = {https://earthquakelist.org/italy/#latest-earthquakes-mag-6-distance-smart},
	urldate = {2024-03-04}
}

@online{
	japan_shakey,
	title = "Japan Earthquake Report",
	url = {https://earthquakelist.org/japan/#latest-earthquakes-mag-6-distance-smart},
	urldate = {2024-03-04}
}