@online{
	CERN_aimants,
	author = {CERN},
	title = {Comment entraîner vos aimants},
	url = {https://home.cern/fr/news/news/accelerators/how-train-your-magnets},
	Urldate = {2023-11-15}
}


@unpublished{
	assistant,
	note = "Discussion avec l'assistant sur la théorie d'électromagnétisme manquante",
}

@manual{
	notice,
	title = "G1. Cycle d'hystérèse magnétique",
	note = "Notice d'expérience",
}

@online{
	graph_cycle,
	author = {CESTRIOM},
	title = {Demagnetization - basics},
	url = {https://cestriom.com/en/technology/demagnetization-basics/},
	Urldate = {2023-11-15}
}

@manual{
	erreursmesure,
	title        = {Traitement des erreurs de mesure},
	url = {https://moodle.epfl.ch/pluginfile.php/3003789/mod_resource/content/3/Erreurs_2023.pdf}
}
