@manual{
	notice,
	title = "J8. Énergie Nucléaire",
	note = "Notice d'expérience",
}

@manual{
	erreursmesure,
	title = {Traitement des erreurs de mesure},
	url = {https://moodle.epfl.ch/pluginfile.php/3003789/mod_resource/content/3/Erreurs_2023.pdf}
}
