@online{installationsolaire,
  author   = {Ministère Francais de la Transition Écologique},
  title    = {Tableau de bord : solaire photovoltaïque Premier trimestre 2023},
  url      = {https://www.statistiques.developpement-durable.gouv.fr/publicationweb/550},
}

@manual{
	notice,
	title = "J7. Photovoltaïsme : énergie solaire",
	note = "Notice d'expérience",
}

@unpublished{
	nicole,
  author = "Louis Travers et Nicole Vadot",
	title = "Experiment H7: Photovoltaics",
	note = "Ancien rapport, utilisé pour les diagrammes",
}

@manual{
	erreursmesure,
  title        = {Traitement des erreurs de mesure},
  url = {https://moodle.epfl.ch/pluginfile.php/3003789/mod_resource/content/3/Erreurs_2023.pdf}
}