@manual{
	notice,
	title = "C2. Pouvoir Calorifique de Combustibles",
	note = "Notice d'expérience",
}


@manual{
	cours-thermo,
	title = "Physique avancée II - Thermodynamique",
	note = "Cours de thermodynamique",
}


@manual{
	erreursmesure,
	title        = {Traitement des erreurs de mesure},
	url = {https://moodle.epfl.ch/pluginfile.php/3003789/mod_resource/content/3/Erreurs_2023.pdf}
}

@report{
	rapport-mendels-pascaud,
	title = {C2 - Pouvoir calorifique},
	author = {Elisa Mendels and Candice Pascaud},
	year = {2023}
}

@online{
	chauffage,
	title = {Système de chauffage et source d'énergie, },
	author = {{Office fédéral de la statistique}},
	url = {https://www.bfs.admin.ch/bfs/fr/home/statistiques/construction-logement/batiments/domaine-energetique.html},
	urldate = {2023-12-11}
}

@online{
	energie-chauffage,
	title = {Heating and Cooling},
	author = {Les Norford and Elizabeth Gribkoff},
	url = {https://climate.mit.edu/explainers/heating-and-cooling},
	urldate = {2023-12-11}
}


@online{
	NIST,
	author = {National Institute of Standards and Technology},
	title = {NIST Chemistry WebBook: Ethanol, Methyl Alcohol, Propane and Butane pages},
	url = {https://webbook.nist.gov/chemistry/name-ser/},
	Urldate = {2023-12-13}
}


@online{
	capacite-eau,
	author = {Water Science School},
	title = {Specific Heat Capacity and Water},
	url = {https://www.usgs.gov/special-topics/water-science-school/science/specific-heat-capacity-and-water},
	urldate = {2023-11-28}
}
