@online{
	histoire-stir,
	author = {Isaac Woerlen},
	title = {The Dundee Engine of 1842},
	url = {http://hotairengines.org/closed-cycle-engine/stirling-1827/stirling-dundee-engine},
	Urldate = {2023-11-28}
}

@online{
	histoire-schmidt,
	author = {Stirling Engine Society USA},
	title = {The Schmidt Analysis},
	url = {https://archive.wikiwix.com/cache/index2.php?url=http%3A%2F%2Fwww.sesusa.org%2FDrIz%2Fisothermal%2FSchmidt.html#federation=archive.wikiwix.com&tab=url},
	Urldate = {2023-11-28}
}


@manual{
	cours-thermo,
	title = "Physique avancée II - Thermodynamique",
	note = "Cours usuel de thermodynamique",
}


@manual{
	notice,
	title = "C1. Cycle de Stirling",
	note = "Notice d'expérience",
}

@online{
	temp-fil,
	author = {Make it from Metal},
	title = {Heat Colors of Steel},
	url = {https://www.makeitfrommetal.com/wp-content/uploads/2018/10/Heat-Colors-of-Steel.pdf},
	Urldate = {2023-11-28}
}

@manual{
	erreursmesure,
	title        = {Traitement des erreurs de mesure},
	url = {https://moodle.epfl.ch/pluginfile.php/3003789/mod_resource/content/3/Erreurs_2023.pdf}
}
