@manual{
	notice,
	title = "D3. Plasticité des solides",
	note = "Notice d'expérience",
}

@manual{
	erreursmesure,
	title = {Traitement des erreurs de mesure},
	url = {https://moodle.epfl.ch/pluginfile.php/3003789/mod_resource/content/3/Erreurs_2023.pdf}
}

@online{
	pont-foireux,
	title = "The Millennium Bridge Challenge - Introduction",
	url = {https://web.archive.org/web/20081231211303/http://www.arup.com/MillenniumBridge/challenge/index.html},
	urldate = {2024-04-21}
}
